<?xml version="1.0" encoding="UTF-8"?><collection xmlns="http://www.loc.gov/MARC21/slim"><record><leader>00383nam--2200145-i-4500</leader><controlfield tag="001">000002521</controlfield><controlfield tag="002">20161230</controlfield><controlfield tag="005">20161230201025</controlfield><controlfield tag="008">060222s1000------------r-----000-0-eng-d</controlfield><datafield ind1=" " ind2=" " tag="080"><subfield code="a">62-52</subfield></datafield><datafield ind1=" " ind2=" " tag="245"><subfield code="a">Advances in control systems. theory and applications</subfield></datafield><datafield ind1=" " ind2=" " tag="260"><subfield code="a">New York, Academic Press, 1964-</subfield></datafield><datafield ind1=" " ind2=" " tag="490"><subfield code="a">Advances In Control Systems</subfield></datafield><datafield ind1=" " ind2=" " tag="700"><subfield code="a">Leondes, C.T</subfield></datafield><datafield ind1=" " ind2=" " tag="852"><subfield code="a">20862</subfield></datafield></record></collection>